@article{Chin,
  title={Comprehensive electro-thermal model of 26650 lithium battery for discharge cycle under parametric and temperature variations},
  author={Chin C.S., Gao Z., Zhang C.Z.},
  journal={Journal of Energy Storage},
  volume={28},
  year={2020},
  doi = {https://doi.org/10.1016/j.est.2020.101222}
}





